@Book{ggplot2,
    author = {Hadley Wickham},
    title = {ggplot2: Elegant Graphics for Data Analysis},
    publisher = {Springer-Verlag New York},
    year = {2009},
    isbn = {978-0-387-98140-6},
    url = {http://had.co.nz/ggplot2/book},
  }
@Article{igraph,
    title = {The igraph software package for complex network research},
    author = {Gabor Csardi and Tamas Nepusz},
    journal = {InterJournal},
    volume = {Complex Systems},
    pages = {1695},
    year = {2006},
    url = {http://igraph.org},
  }
@Manual{sna,
    title = {sna: Tools for Social Network Analysis},
    author = {Carter T. Butts},
    year = {2014},
    note = {{R} package version 2.3-2},
    url = {http://CRAN.R-project.org/package=sna},
  }
@Manual{network,
    title = {network: Classes for Relational Data},
    author = {Carter T. Butts and Mark S. Handcock and David R. Hunter},
    year = {2014},
    address = {Irvine, CA},
    url = {http://statnet.org/},
    note = {{R} package version 1.10.2},
  }  
@article{network.jss,
    title = {{network: a Package for Managing Relational Data in R.}},
    author = {Carter T. Butts},
    year = {2008},
    journal = {Journal of Statistical Software},
    volume=24,
    number=2
  }  
@Article{kamadakawai,
    author  = "Tomihisa Kamada and Satoru Kawai",
    title   = "An Algorithm for Drawing General Undirected Graphs",
    journal = "Information Processing Letters",
    year    = "1989",
    volume  = "31",
    number  = "1",
    pages   = "7-15",
    month   = "Apr"
}  
@MANUAL {voyages,
    title        = "A Brief Overview of the Trans-Atlantic Slave Trade",
    author       = "David Eltis",
    organization = "Voyages: The Trans-Atlantic Slave Trade Database",
    url      = "http://www.slavevoyages.org/assessment/essay",
    month        = "Apr",
    year         = "2008"
}
@ONLINE {slate,
    author = "Andrew Kahn and Jamelle Bouie",
    title  = "The Atlantic Slave Trade in Two Minutes",
    month  = "Jun",
    year   = "2015",
    url    = "http://www.slate.com/articles/life/the_history_of_american_slavery/2015/06/animated_interactive_of_the_history_of_the_atlantic_slave_trade.html"
}
@ONLINE {heatmaps,
    author = "Adam Rothman and Matt Burdumy",
    title  = "Trans Atlantic Slave Trade Visualization",
    month  = "Dec",
    year   = "2014",
    url    = "http://mcb226.github.io/SlaveTrade/"
}